%You can use any standard form of reference to a publication. The editors are F.W.J. Olver, D.W. Lozier, R.F. Boisvert and %C.W. Clark. The title is NIST Handbook of Mathematical Functions. The publisher is Cambridge University Press. The %publication date will be 2010; for now "in press" is more appropriate.
 

@BOOK{Abramowitz:1964:HMF,
        author = "M. Abramowitz and I. A. Stegun",
        title =  "Handbook of Mathematical Functions",
        volume = "AMS 55",
        publisher =  "NBS, U. S. Government Printing Office",
        address = "Washington, DC, USA",
        year = "1964"}

@BOOK{Adiga:1985:C16,
        author = "C. Adiga and B. C. Berndt and S. Bhargava and G. N. Watson",
        title = "Chapter 16 of Ramanujan's second notebook: Theta-functions and 
q-series",
        publisher = "American Mathematical Society",
        address = "Providence, R.I., USA",
        volume = "Memoirs of the American Mathematical Society, Number 315",
        year = "1985"}

@BOOK{Ahlfors:1966:CA,
        author = " Lars V. Ahlfors",
        title = "Complex Analysis",
        publisher = "McGraw-Hill",
        address = "New York, NY, USA",
        year = "1966"}

@BOOK{Akhiezer:1990:ETE,
        author = "N. I. Akhiezer",
        title = "Elements of the Theory of Elliptic Functions",
        publisher = "American Mathematical Society",
        address = "Providence, R.I., USA",
        volume = "Translations of Mathematical Monographs, Number 79",
        year = "1990"}

@BOOK{Apostol:1957:MA,
        author = " T. M. Apostol",
        title = "Mathematical Analysis",
        publisher = "Addison-Wesley",
        address = "Reading, MA, USA",
        year = "1957"}

@BOOK{Apostol:1976:IAN,
        author = " T. M. Apostol",
        title = "Introduction to Analytic Number Theory",
        publisher = "Springer",
        address = "New York, NY, USA",
        year = "1976"}

@BOOK{Audin:1999:STC,
        author = " M. Audin",
        title = "Spinning Tops, A Course on Integrable Systems",
        publisher = "Cambrigde University Press",
        address = "Cambridge, UK",
        volume = "Cambridge Studies in Advanced Mathematics, Vol. 51",
        year = "1999"}

@BOOK{Baker:1992:CMF,
        author = "L. Baker",
        title = "C Mathematial Function Handbook",
        year = "1992",
        publisher = "McGraw-Hill",
        address = "New York, NY, USA"}
% num algorithms for theta functions}

@BOOK{Beardon:1979:CA,
        author =  "A.F. Beardon",
        title = "Complex Analysis",
        publisher = "Wiley",
        address = "Chichester, UK",
        year = "1979"}


@BOOK{Bellman:1961:BIT,
        author =  "R. Bellman",
        title = "Brief Introduction to Theta Functions",
        publisher = "Holt, Rinehart and Winston",
        address = "New York, NY, USA",
        year = "1961"}

@BOOK{Boas:1981:PRF,
        author =  "R. P. Boas(Jr.)",
        title = "A Primer of Real Functions",
        publisher = "Mathematical Association of America",
        address = "Washington, DC, USA",
        year = "1981"}

@BOOK{Bollobas:2006:AoM,
        author = " B{\'e}la Bollob{\'a}s",
        title = "The Art of Mathematics",
        publisher = "Cambridge University Press",
        address = "Cambridge, UK",
        year = "2006"}

@BOOK{Bowman:1961:IEF,
        author = "F. Bowman",
        title = "Introduction to Elliptic Functions",
        publisher = "Dover",
        address = "New York, NY, USA",
        year = "1961"}

@BOOK{Bressoud:1989:IEF,
        author = "D. Bressoud",
        title = "Factorization and Primality Testing",
        publisher = "Springer",
        address = "New York, NY, USA",
        year = "1989"}

@BOOK{Bruijn:1981:AMA,
        author = "N.G. de Bruijn",
        title = "Asymptotic Methods in Analysis",
        publisher = "Dover",
        address = "New York, NY, USA",
        year = "1981"}

@BOOK{Bunke:1995:SZT,
        author = "U. Bunke and M. Olbrich",
        title = " Selberg Zeta and Theta Functions",
        publisher = "Akademie Verlag GmbH",
        address = "Berlin, Germany",
        volume = "Mathematical Reserach, Vol. 83",
        year = "1995"}

@BOOK{Chandrasekharan:1985:EF,
        author = "K. Chandrasekharan ",
        title = "Elliptic Functions",
        publisher = " Springer-Verlag",
        address = "Berlin, Germany",
        volume = "281", 
	series = "Grundlehren der mathematischen Wissenschaften",
        year = "1985"}

@BOOK{Cohen:1993:EF,
        author = "H. Cohen ",
        title = "A Course in Computational Algebraic Number Theory",
        publisher = " Springer-Verlag",
        address = "Berlin, Germany",
        volume = "138", 
	series = "Graduate Texts in Mathematics",
        year = "1993"}
        
@BOOK{Copson:1935:TFC,
        author = "E. T. Copson",
        title = "Introduction to the Theory of Functions of a Complex Viarable",
        publisher = " Oxford University Press",
        address = "Oxford, UK",
        year = "1935"}

@BOOK{Davenport:1970:THA,
        author = "H Davenport",
        title = "The Higher Arithmetic",
        publisher = "Hutchinson and Co",
        address = "London, UK",
        year = "1970"}


@BOOK{Dickson:1920:HTN,
        author = " L.E. Dickson",
        title = "History of the Theory of Numbers",
        volume = "II.",
        publisher = "Carnegie Institution",
        address = "Washington, D.C., USA",
        year = "1920"}

@BOOK{DuVal:1973:EF,
	author = "P. du Val",
        title = "Elliptic Functions and Elliptic Curves",
        publisher = "Cambridge University Press",
        address = "Cambridge, UK",
        year = "1973"}

@BOOK{Ebbinghaus:1990:ER,                                                                                                              author = "H.-D. Ebbinghaus and H. Hermes and F. Hirzebruch and M. Koecher and
	K. Mainzer and J. Neukirch and A. Prestel and R. Remmert",
        title =  "Numbers",
        publisher = "Springer",
	edition = "2nd",
        address = "New York, NY, USA",
        year =  "1990"}

@BOOK{Erdelyi:1953:HTF,
        author = " A. Erdelyi and W. Magnus and R. Oberhettinger and F.G. Tricomi",
        title =  "Higher Transcendental Functions",
        volume = "II",
        publisher = "McGraw-Hill",
        address = "New York, NY, USA",
        year =  "1953"}

@BOOK{Fletcher:1962:IMT,
        author = " A. Fletcher, J. C. P. Miller, L. Rosenhead, and L. J. Comrie",
        title =  "An Index of Mathematical Tables",
        volume = "I and II",
	edition = "2nd",
        publisher = "Addison-Wesley",
        address = "Reading, MA, USA",
        year =  "1962"}

@BOOK{Golubev:1960:LIE,
        author = " V. V. Golubev",
        title = "Lectures on Integration of the Equations of Motion of a Rigid 
	Body About a Fixed Point",
        publisher = "Office of Technical Services,  U. S. Department of Commerce",
        address = "Washington, D. C., USA",
        year = "1960"}

@BOOK{Gradshteyn:1980:TIS,
        author = "I. S. Gradshteyn and I. M. Ryzhik",
        title = "Table of Integrals, Series, and Products",
        publisher = "Academic Press",
        address = "New York, NY, USA",
        year = "1980"}

@BOOK{Hardy:1949:DS,
        author = "G. H. Hardy",
        title = "Divergent Series",
        publisher = "Oxford University Press",
        address = "Oxford, UK",
        year = "1949"}

@BOOK{Hardy:1979:INT,
        author = "G.H. Hardy and E.M. Wright",
        title = "An introduction to the theory of numbers",
	edition = "5th",
        publisher = "Oxford University Press",
        address = "Oxford, UK",
        year = "1979"}

@BOOK{Hewitt:1965:RAA,
        author = "E. Hewitt and K. Stromberg",
        title = "Real and Abstract Analysis",
        publisher = "Springer",
        address = "Berlin, Germany",
        year = "1965"}

@BOOK{Jacobson:2009:JW,
        author = "M. Jacobson and H. Williams",
        title = "Solving the Pell Equation",
        publisher = "Canadian Mathematical Society",
        address = "Halifax, Canada",
        year = "2009"}

@BOOK{Jahnke:1945:TF,
        author = "E. Jahnke and F. Emde",
        title = "Tables of Functions",
        publisher = "Dover",
        address = "New York, NY, USA",
        year = "1945"} 

@BOOK{Jones:1987:CF,
        author = "G. A. Jones and D. Singerman",
        title = "Complex Functions",
        publisher = "Cambridge University Press",
        address = "Cambridge, UK",
        year = "1987"} 

@BOOK{Klein:1914:TK,
        author = "F. Kelin and A. Sommerfeld",
        title = "Theorie des Kreisels",
        publisher = "R. G. Teubner",
        volume="I",
        address = "Leipzig, Germany",
        year = "1914"} 

@BOOK{Knuth:1968:FA,
        author = "D. Knuth",
        title = "The Art of Computer Programming",
        publisher = "Addison-Wesley",
        volume="1",
        address = "Reading, Mass., USA",
        year = "1968"} 

@BOOK{Koblitz:1998:AAC,
        author = "N. Koblitz",
        title =  "Algebraic Aspects of Cryptography",
        publisher = "Springer",
        address = "New York, NY, USA",
        year = "1998"}

@BOOK{Koblitz:1993:IEC,
        author = "N. Koblitz",
        title =  "Introduction to Elliptic Curves and Modular Forms",
	edition = "2nd",
        publisher = "Springer",
        address = "New York, NY, USA",
        year = "1993"}

@BOOK{K{\"o}rner:1992:FA,
        author = "T. W. K{\"o}rner",
        title = "Fourier Analysis",
        publisher = " Cambridge University Press",
        address = "Cambridge, UK",
        year = "1992"}
@BOOK{Landau:1927:VZ,
        author = "E. Landau",
        title = "Vorlesungen {\"u}ber Zahlentheorie",
        publisher = "Hirzel",
        volume="1",
        address = "Leipzig",
        year = "1927"} 

@BOOK{Lang:1987:EF,
        author = "S. Lang",
        title = "Elliptic Functions",
        publisher = "Springer",
	edition = "2nd",
        address = "New York, NY, USA",
        series = "Graduate Texts in Mathematics, Vol. 112",
        year = "1987"}


@BOOK{Lawden:1989:EFA,
        author = "D. F. Lawden",
        title = "Elliptic Functions and Applications",
        publisher = "Springer",
        address = "New York, NY, USA",
        year = "1989"}
        
@BOOK{Lebedev:1960:GMT,
        author = "A.V.Lebedev and R.M.Federova",
        title = " A Guide to Mathematical Tables",
        publisher = "Pergamon",
        address = "Amsterdam, Netherlands",
        year ="1960"}

@BOOK{Lighthill:1962:FAGF,
        author = "M.J.Lighthill",
        title = "Fourier Analysis and Generalised Functions",
        publisher = "Cambridge University Press",
        address = "Cambridge. UK",
        year ="1962"}

@BOOK{Lozier:1994:MC,
        author = "D. W. Lozier and F. W. J. Olver",
        title = "Mathematics of Computation",
        editor = " W. Gautschi",
        publisher = "AMS",
        address = "Providence, RI, USA",
        year = "1994"} 

@BOOK{McKean:1999:EC,
        author = " H. McKean and V. Moll",
        title = "Elliptic Curves",
        publisher = "Cambridge University Press",
        address = "Cambridge, UK",
        year = "1999"}

@BOOK{Mordell:1969:DT,
        author = "L. J. Mordell",
        title = "Diophantine Equations",
        publisher = "Academic Press",
        address = "London, New York",
        year = "1969"}

@BOOK{Niven:1991:NZM,
        author = " I. Niven and H.S. Zuckerman and H. Montgomery",
        title = "An Introduction to the Theory of Numbers",
       edition = "5th",
        publisher = "Wiley",
        address = "New York",
        year = "1991"}

@BOOK{Neville:1951:JEF,
        author = " E. H. Neville",
        title = "Jacobian Elliptic Functions",
        publisher = " Oxford University Press",
        address = "Oxford, UK",
        year = "1951"}

@BOOK{Novikov:1992:SG, 
        author = "S.P.Novikov",
        title = "Solitons and Geometry",
        publisher = "Accademia Nazionale Del Lincei, Sculoa Normale Superiore",
        address = "Pisa, IT",
        year = "1992",
        volume = " Lezioni Fermaiane"}

@BOOK{Olver:2010:DLMF, 
        author = "F.W.J.Olver, D.W.Lozier, R.F.Boisvert and C.W.Clark",
        title = "NIST Handbook of Mathematical Functions",
        publisher = "Cambridge University Press",
        address = "Cambridge, UK",
        year = "2010"}

@BOOK{Polya:1954:MPR,    
        author = "G. P{\'o}lya",
        title = "Mathematics and Plausible Reasoning",
        publisher = "Princeton University Press",
        address = "Princeton, NJ, USA",
        year = "1954"}

@BOOK{Polya:1978:PTA,    
        author = "G. P{\'o}lya and G. Szeg{\"o}",
        title = "Problems and Theorems in Analysis",
        publisher = "Springer",
        address = "Springer, NY, USA",
        year = "1978"}

@BOOK{Pontryagin:1960:ODE,    
        author = "L. S. Pontryagin",
        title = "Ordinary Differential Equations",
        publisher = "Pergamon",
        address = "Oxford, UK",
        year = "1960"}

@BOOK{Rauch:1973:EFT,
        author = "H. E. Rauch and A. Lebowitz",
        title = "Elliptic Functions, Theta Functions, and Riemann Surfaces",
        publisher = "Williams and Wilkins",
        address = "Baltimore, MD, USA",
        year = "1973"}

@BOOK{Remmert:1990:TCF,
        author = "R. Remmert",
        title = "Theory of Complex Functions",
        publisher = "Springer",
        address = "New York, NY, USA",
        year = "1990"}

@BOOK{Remmert:1997:CTC,
        author = "R. Remmert",
        title = "Clasical Topics in Complex Function Theory",
        publisher = "Springer",
        address = "New York, NY, USA",
        year = "1997"}

@BOOK{Richards:1990:TD,
        author = " J. I. Richards and H. K. Youn",
        title = "Theory of Distributions",
        publisher = "Cambridge University Press",
        address = "Cambridge, UK",
        year = "1990"}

@BOOK{Riemann:1899:EF,
        author = "B. Riemann",
        title = "Elliptische Functionen...Mit Zusaetzen Heraugegeben von Hermann 
	Stahl",
        publisher = "Teubner, reprinted by UMI Books on Demand (Ann Arbor, MI, USA)",
        address = "Leipzig",
        year = "1899"}

@BOOK{Rudin:1964:PMA,
        author = "W. Rudin",
        title = "Principles of Mathematical Analysis",
        publisher = "McGraw-Hill",
        address = "New York, NY, USA",
	edition = "2nd",
        year = "1964"}

@BOOK{Rudin:1973:FA,
        author = "W. Rudin",
        title = "Functional Analysis",
        publisher = "McGraw-Hill",
        address = "New York, NY, USA",
        year = "1973"}

@BOOK{Rudin:1966:RCA,
        author = "W. Rudin",
        title = "Real and Complex Analysis",
        publisher = "McGraw-Hill",
        address = "New York, NY, USA",
        year = "1966"}

@BOOK{Schulman:1981:TAP,
        author = "L. S. Schulman",
        title = "Tehcniques and Applicatiions of Path Integration",
        publisher ="John Wiley and Sons",
        address = "New York, NY, USA",
        year = "1981"}

@BOOK{Schwartz:1957:TD,
        author = "L. Schwartz",
        title = "Theorie des Distributions",
        publisher = "Hermann",
        address = "Paris, France",
        year = "1957"}

@BOOK{Serre:1973:CA,
        author = "J-P. Serre",
        title = "A Course in Arithemtic",
        publisher = "Springer",
        address = "New York, NY, USA",
        series = "Graduate Texts in Mathematics, Vol. 7",
        year = "1973"}

@BOOK{Shanks:1962:SPNT,
        author = "D. Shanks",
        title = "Solved and Unsolved Problems in Number Theory",
        publisher = "Spartan",
        address = "Washington DC, USA",
        year = "1962"}
        
@BOOK{Siegel:1988:TCT,
        author = "C. L. Siegel",
        title = "Topics in Complex Function Theory",
        volume = "I, Elliptic Functions and Uniformization Theory",
        publisher = "John Wiley and Sons",
        address = "New York, NY, USA",
        year = "1988"}

@BOOK{Sierpinski:1964:PTN,
        author = "W. Sierpinski",
        title = "A Selection of Problems in the Theory of Numbers",
        publisher = "Pergamon/PWN-Polish Scientific Publishers",
        address = "Oxford, U.K./Warsaw, Poland",
        year = "1964"}

@BOOK{Silverman:1992:PRE,
        author = "J. H. Silverman and J. Tate",
        title = "Rational Points on Elliptic Curves",
        publisher = "Springer",
        address = "New York, NY, USA",
        year = "1992"}

@BOOK{Smith:1998:IMAA,
        author = "G. Smith",
        title = "Introductory Mathematics: Algebra and Analysis",
        publisher = "Springer",
        address = "London, UK",
        series = "Springer Undergraduate Mathematics Series",
        year = "1998"}

@BOOK{Spivak:1973:CAL,
        author = "M. Spivak",
        title = "Calculus",
        publisher = "Addison-Wesley",
        address = "Reading, MA, USA",
        series = "World Student Edition",
        year = "1973"}

@BOOK{Walker:1974:ICA,
        author = "P. L. Walker",
        title = "An Introduction to Complex Analysis",
        publisher =  "Adam Hilger",
        address = "London, UK",
        year =  "1974"}

@BOOK{Walker:1986:TFI,
        author = "P. L. Walker",
        title = "The Theory of Fourier Series and Integrals",
        publisher =  "J. Wiley and Sons",
        address = "Chichester, UK",
        year =  "1986"}

@BOOK{Walker:1996:EFC,
        author = "P. L. Walker",
        title = "Elliptic Functions, a Constructive Approach",
        publisher =  "J. Wiley and Sons",
        address = "Chichester, UK",
        year =  "1996"}

@BOOK{Walker:2004:ETA,
        author = "P. L. Walker",
        title = "Examples and Theorems in Analysis",
        publisher =  "Springer",
        address = "London, UK",
        year =  "2004"}

@BOOK{Olver:2010:HMT,
        editors = "F.W.J. Olver, D.W. Lozier, R.F. Boisvert and C.W. Clark. ",
        title = "NIST Handbook of Mathematical Functions",
        publisher =  "Cambridge University Press, UK",
        address = "Maryland, USA",
        year =  "2010"}
 

@BOOK{Weil:1999:EFA,
        author = "A. Weil",
        title = "Elliptic Functions According to Eisenstein and Kronecker",
        publisher = "Springer",
        address = "Berlin, Germany",
        year = "1999"}

@BOOK{Whittaker:1927:CMA,
        author = "E. T. Whittaker and G. N. Watson",
        title = "A Course of Modern Analysis",
        publisher = "Cambridge University Press",
	edition = "4th",
        address = "Cambridge, UK",
        year = "1927"}

@BOOK{Wong:1989:AAI,
        author = "R. Wong",
        title = "Asymptotic Approximation of Integrals",
        publisher = "Academic Press",
        address = "London, UK",
        year = "1989"}

@BOOK{Zygmund:1968:TS,
        author = "A. Zygmund",
        title = "Trigonometric Series",
        publisher = "Cambridge University Press",
	edition = "2nd",
        address = "Cambridge, UK",
        year = "1968"}

@ARTICLE{Alksina:2007:VPEM,
        author = "C.Alsina,R.Nelsen",
        title = "A Visual Proof of the {E}rd{\"o}s-{M}ordell Inequality",
        year = "2007",
        journal = "Forum Geometricorum",
        volume = "7",
        pages = "99-102"}

@ARTICLE{Bellman:1950:GES,
        author = "R. Bellman",
        year = "1950",
        journal = "Proc. Nat. Acad. Sci.",
        volume = "36",
        pages = "356-"}
% derivation of bessel function relationships via modular transforms of 
%theta functions
% see Bellman page 23
%}
        
@ARTICLE{Bruce:1993:TPLL,
        author = "J.W. Bruce",
        year = "1993",
        title = "A Really Trivial Proof of the {L}ucas-{L}ehmer Test ",
        journal = "American Mathematical Monthly",
        volume = "100",
        pages = "370--371"}

@ARTICLE{Bulirsch:1965:NCE,
        author = "R. Bulirsch",
        year = "1965",
         journal = "Numer. Math.",
        volume = "7",
        pages = "78-90"}
% generzlization of infinite Gauss Sums with spherical harmonics
% Bellman p 25


@ARTICLE{Calabi:1951:CaD,
        author = "E. Calabi and A. Dvoretzky ",
        year = "1951",
        title = " Convergence- and Sum-Factors for series of Complex Numbers",
        journal = "Trans. Amer. Math. Soc.",
        volume = "70",
        pages = "177--194"}

@ARTICLE{Doetsch:1935:SEB,
        author = "G. Doetsch",
        title = "Summatorische Eigenshaten der Besselschen Funktionen andere 
	Funktionalrelationen die mit der linearen Transformationsformel der 
	Thetafunktion aequivalent sind",
        journal = "Compos. Math.",
        year ="1935",
        volume = "1",
        pages = "85-",
% derivation of Bessel sum formulae from Poisson identity
%Bellman p 27
}

@ARTICLE{Fettis:1970:RMR,
        author = "H.E.Fettis",
        title = "On the Reciprocal Modulus Relation for Elliptic Integrals",
        journal = "SIAM J. Math. Anal.",
        volume = "1",
        year = "1970",
        pages = "524-526"}

@ARTICLE{Hamburger:1922:UEB,
        author = "H.Hamburger",
        title = "Uber einege Beziehungen die mit der Funktionalgleichung der 
	Riemannsche zeta-Funktion aequivalent sind",
        year = "1922",
        journal = "Math. Ann.",
        volume = "85",
        pages = "129-"}
% derivation of zeta function like identities from Poisson identity....
% see Bellman page 24
%}

@ARTICLE{Hecke:1940:MFM,
        author = "E. Hecke",
        journal = "Math.-Fys. Medd.",
        year = "1940",
        volume = "17",
        pages = "--"}
% generalzation of Poisson identity by taking kth power
%Bellman page 24-25


@ARTICLE{Hurwitz:1888:UEC,
        author = "A.Hurwitz",
	title = "{\"U}ber die Entwicklung Complexer Gr{\"o}ssen in Kettenbr{\"u}che",
        journal = "Acta Math.",
        year = "1888",
        volume = "11",
        pages = "187--200"}

@ARTICLE{Hurwitz:1889:UAK,
        author = "A. Hurwitz",
	title = "{\"U}ber eine besondere Art der Kettenbruchentwicklung reeler Gr{\"o}ssen",
        journal = "Acta Math.",
        year = "1889",
        volume = "12",
        pages = "367--405"}


@ARTICLE{Komornik:1997:EMTH,
        author = "V. Kormonik",
        title = "A Short Proof of the {E}rd{\"o}s-{M}ordell Theorem",
        journal = "Amer. Math. Monthly",
        year = "1997",
        volume = "104",
        pages = "57--60"}

@ARTICLE{Kneser:1948:RAL,
        author = "H. Kneser",
	title = "Relle analytische L{\"o}sungen der Gleichung $\phi(\phi(x))=\exp(x)$ und verwandter Functionalgleichungen",
        journal = "J. Reine Angew Math.",
        year = "1948",
        volume = "187",
        pages = "56--67"}


@ARTICLE{Landsberg:1893:TGS,
        author = "M. Landsberg",
        title = "Zur Theorie der Gauss'schen Summen un der linearen 
	Transformationen der Thetafunctionen",
        journal = "Crelle's J. Math.",
        volume ="111",
        year = "1893",
        pages = " -- "}
% drivation of modular relations between inverted Gauss sums
%Bellman page 40
%}

@ARTICLE{Lerch:1903:TGS,
        author = "M. Lerch",
        title = "Zur Theorie dere Gausschen Summen",
        journal = " Math. Ann.",
        volume = "57",
        year = "1903",
        pages = "554-"}
% general reference on Gauss Sums
%Bellman page 40
%} 

@ARTICLE{Marker:1840:UP,
        author = "C.F.T. M{\"a}rker",
        title = "{\"U}ber Primzahlen",
        journal = "Journal f{\"u}r Math.",
        volume = "20",
        year = "1840",
        pages = "355-9"}

@ARTICLE{Mordell:1928:PSF,
        author = "L.J. Mordell",
        title = "Poisson's Summation formula and the Riemann Zeta Function",
        journal = "J. Lond. Math. Soc.",
        volume = "4",
        year = "1928",
        pages = "285-291"}
%disucssions of Poisson Sum formula
%Bellman p 9
%}

@ARTICLE{Mordell:1921:RFG,
        author = "L.J. Mordell",
        title = "On the reciprocity formula for Gauss's Sums in the quadratic field",
        journal = "Proc. Lond. Math. Soc.",
        volume = "20",
        year = "1921-2",
        pages = "289-"}
%disucssions of Guass Sum inversion relation formula
%Bellman p 40
%}

@ARTICLE{Stoyanoff:1926:TMR,
        author = "A. Stoyanoff",
        title = "Sur un th\'{e}or\`{e}me de {M}. {M}arcel {R}iesz",
        journal = "Nouv. Ann. Math.",
        volume = "(6)",
        year = "1926",
        pages = "97-99"}


@ARTICLE{vanderPol:1951:NL1,
        author = "B. Van Der Pol",
        title = "On a non-linear partial differential equation satisfied by the 
	logarithm of the Jacobian theta-functions, with arithmetical applications, I.",
        journal = "Proc. Acad. Sci. Amst.",
        year = "1951",
        pages = "261-271"}
% non-linear equation for theta1, and number theoretic consequences,
% Bellman p 57
%

@ARTICLE{vanderPol:1951:NL2,
        author = "B. Van Der Pol",
        title = "On a non-linear partial differential equation satisfied by the 
	logarithm of the Jacobian theta-functions, with arithmetical applications, 
	II.",
        journal = "Proc. Acad. Sci. Amst.",
        year = "1951",
        pages = "272-284"}
% non-linear equation for theta1, and number theoretic consequences,
% Bellman p 57
%}

@ARTICLE{vonSchafgotsch:1786:FVS,
        author = "F. von Schafgotsch",
	title = "Prim und zusammengezten Zahlen",
        journal = "Abh. B{\"o}hmischen Gesell. Wiss.",
        year = "1786",
        pages = "140-7",
	Volume = "2"}

@ARTICLE{Walker:1975:EHL,
        author = "P. L. Walker",
        title = "Some Estimates for the Hardy-Littlewood Maximal Function in {\bf{R}}^n",
        journal = "Bull. London Math. Soc.",
        year = "1975",
        pages = "139-143",
	Volume = "7"}

@ARTICLE{Walker:1979:FES,
        author = "P. L. Walker",
        title = "On the Modular Equations satisfied by Modular Functions",
        journal = "Mathematika",
        year = "1978",
        pages = "185-190",
	Volume = "25"}

@ARTICLE{Walker:1979:PEF,
        author = "P. L. Walker",
        title = "On the Partial Fraction Expansion for $\theta(x)$",
        journal = "Mathematische Zeitschrift",
        year = "1979",
        pages = "55-66",
	Volume = "166"}

@ARTICLE{Walker:1980:MTP,
        author = "P. L. Walker",
        title = "On the Mellin Transform of the Partial Fraction Expansion for $\theta(x)$",
        journal = "Mathematische Annalen",
        year = "1980",
        pages = "103-110",
	Volume = "253"}
    
@ARTICLE{Walker:1979:DSC,
        author = "P. L. Walker",
        title = "On certain Dirichlet series whose coefficients are related to class numbers.",
        journal = "Mathematische Zeitschrift",
        year = "1982",
        pages = "193-200",
	Volume = "179"}

@ARTICLE{Walker:1988:ZCT,
        author = "P. L. Walker",
        title = "On the Zeros of Certain Trigonometric Integrals",
        journal = "Journal of Math. Analysis and Applications",
        year = "1988",
        pages = "439-450",
	Volume = "130"}

@ARTICLE{Walker:1990:EIE,
        author = "P. L. Walker",
        title = "The  Exponential of Iteration of $\exp(x)-1$",
        journal = "Proc. of Amer. Math. Soc.",
        year = "1990",
        pages = "611-620",
	Volume = "110"}

@ARTICLE{Walker:1991:SAF,
        author = "P. L. Walker",
        title = "On the Solutions of an Abelian Functional Equation",
        journal = "Journal of Math. Analysis and Applications",
        year = "1991",
        pages = "93-110",
	Volume = "155"}

@ARTICLE{Walker:1991:IDE,
        author = "P. L. Walker",
        title = "Infinitely Differentiable Generalized Logarithmic and Exponential Functions",
        journal = "Math. of Computation",
        year = "1991",
        pages = "723-733",
	Volume = "57"}

@ARTICLE{Walker:1993:SZP,
        author = "P. L. Walker",
        title = "Separation of the Zeros of Polynomials",
        journal = "Amer. Math. Monthly",
        year = "1991",
        pages = "272-273",
	Volume = "100"}

@ARTICLE{Walker:1995:BSR,
        author = "P. L. Walker",
        title = "Bounds for the Separation of Real Zeros of Polynomials",
        journal = "Jour. Australian Math. Soc.",
	series = "A",
        year = "1995",
        pages = "330-342",
	Volume = "59"}

@ARTICLE{Walker:1995:BZQ,
        author = "P. L. Walker",
        title = "A Bijection from {\bf{Z}} to {\bf{Q}}",
        journal = "Math Gazette",
        year = "1995",
        pages = "119"}

@ARTICLE{Walker:1996:UBS,
        author = "P. L. Walker",
        title = "Upper Bounds for the Separation of Real Zeros of Polynomials",
        journal = "Proc. Edinb. Math. Soc.",
        year = "1996",
        pages = "357-363",
	Volume = "39"}

@ARTICLE{Walker:1997:SZT,
        author = "P. L. Walker",
        title = "Separation of Zeros of Translates of Polynomials and Entire Functions",
        journal = "Journal of Math. Analysis and Applications",
        year = "1997",
        pages = "270-279",
	Volume = "206"}

@ARTICLE{Walker:2001:OPR,
        author = "P. L. Walker",
        title = "Operators which Preserve the Real Zeros of Polynomials",
        journal = "Rev. Roumaine Math. Pures Appl.",
        year = "2001",
        pages = "145-148",
	Volume = "46"}

@ARTICLE{Hajja/Walker:2001:ET,
        author = "M. Hajja and P. L. Walker",
        title = "Equifacial Tetrahedra",
        journal = "Int. Jour. Math.Educ. Sci. Technol.",
        year = "2001",
        pages = "501-508",
	Volume = "32"}

@ARTICLE{Hajja/Walker:2002:GNT,
        author = "M. Hajja and P. L. Walker",
        title = "The Gergonne and Nagel Centres of a Tetrahadron",
        journal = "Jour. Geom.",
        year = "2002",
        pages = "106-112",
	Volume = "75"}

@ARTICLE{Walker:2002:ZLC,
        author = "P. L. Walker",
        title = "The Zeros of Linear Combinations of Translates of Polynomials",
        journal = "Jour. Australian Math. Soc.",
        year = "2002",
        pages = "109-117",
	Volume = "72"}

@ARTICLE{Hajja/Walker:2002:MSA,
        author = "M. Hajja and P. L. Walker",
        title = "The Measure of Solid Angles in {n-}dimensional Euclidean Space",
        journal = "Int. Jour. Math.Educ. Sci. Technol.",
        year = "2002",
        pages = "725-728",
	Volume = "33"}

@ARTICLE{Walker:2003:AJF,
        author = "P. L. Walker",
        title = "The Analyticity of {J}acobian Functions with respect to the Parameter {k}",
        journal = "Proc. R. Soc. Lond. (Series A)",
        year = "2003",
        pages = "2569-2574",
	Volume = "459",
	series = "A"}

@ARTICLE{Hajja/Walker:2004:IGC,
        author = "M. Hajja and P. L. Walker",
        title = "The Inspherical Gergonne Center of a Tetrahedron",
        journal = "Jour for Geometry and Graphics",
        year = "2004",
        pages = "23-32",
	Volume = "8"}

@ARTICLE{Walker:2003:ZEP,
        author = "P. L. Walker",
        title = "The zeros of Euler's Psi function and its derivatives.",
        journal = "J. Math. Anal. Appl.",
        year = "2007",
        pages = "607--616",
	Volume = "332"}

@ARTICLE{Walker:2008:BJF,
        author = "P. L. Walker",
        title = "The distribution of the zeros of {J}acobian elliptic functions with respect to the parameter {k}",
        journal = "Comput. Methods Funct. Theory",
        year = "2009",
        pages = "579--591",
	Volume = "9"}

@ARTICLE{Walker:2008:UF,
        author = "P. L. Walker",
        title = "A Lemma on Divisibility",
        journal = "Amer. Math. Monthly",
        year = "2008",
        pages = "338",
	Volume = "115"}

@ARTICLE{Walker:2012:RPT,
        author = "P. L. Walker",
        title = "Reduction Formulae for Products of Theta Functions",
        journal = "Journal of Research of the National Institute of Standards and Technology",
        year = "2012",
        pages = "297--303",
	Volume = "117"}

@ARTICLE{Watson:1935:GFC,
        author = "G.N. Watson",
        title = "Generating functions of class-numbers",
        journal = "Compos. Math.",
        year = "1935",
        volume = "1",
        pages = "39-"}
% derivation of many series identities for ratios of theta functions....
%Bellman p 46,47
%}

% `CONFERENCE' is the same as `inproceedings'.

@INBOOK{pringle:ibs,
        editor    = "J.E. Pringle and R.A. Wade",
        year      = 1985,
        chapter   = 2,
        title     = "Interacting Binary Stars",
        publisher = "Cambridge University Press",
        address   = "Cambridge",
        pages     = "21--38"}

@INCOLLECTION{chandrasekhar,
        author    = "S. Chandrasekhar",
        year      = 1967,
        title     = "Geodesics in G{\"o}dels Universe",
        booktitle = "The Nature of Time",
        publisher = "Cornell University Press",
        address   = "Ithaca, New York",
        editor    = "T. Gold",
        pages     = "68-74"}

@INPROCEEDINGS{menzel,
        author    = "D.H. Menzel",
        year      = 1970,
        title     = "Laser Action in Non--LTE Atmospheres",
        booktitle = "Spectrum Formation in Stars with Steady State Extended
                     Atmospheres",
        editor    = "H. G. Groth and P. Wellmann",
        pages     = "134-137",
        publisher = "National Bureau of Standards",
        series    = "Proc. of the IAU Colloquium No. 2"}

@MANUAL{hplot,
        author    = "R. Brun and H.R. Renshall and H. Watkins",
        year      = 1986,
        title     = "HPLOT User's Guide",
        organization = "Cern Computer Centre",
        address   = "Geneva"}

@MASTERSTHESIS{ott,
        author    = "Erica Ott",
        year      = 1989,
        title     = "An Interstellar Striptease",
        school    = "University of Amsterdam",
        address   = "Amsterdam"}

% There is no MISC entry in this example.

@PHDTHESIS{pannekoek,
        author    = "Anton Pannekoek",
        year      = 1902,
        title     = "Untersuchungen {\"u}ber den Lichtwechsel Algols",
        school    = "University of Leiden",
        address   = "Leiden, The Netherlands"}

@PROCEEDINGS{blaauw,
        year      = 1955,
        title     = "Co-ordination of Galactic Research",
        editor    = "Adriaan Blaauw",
        publisher = "Cambridge at the University Press",
        address   = "Cambridge",
        series    = "IAU Symposium No. 1"}

@TECHREPORT{hogeveen,
        author    = "S.J. Hogeveen",
        year      = 1990,
        title     = "Concept of a LaTeX style package for the
                     Astronomy and Astrophysics publications",
        institution = "Astronomical Institute `Anton Pannekoek'",
        address   = "Amsterdam"}

% There is no UNPUBLISHED entry in this example.

% Here are two more ARTICLE entries, to show what happens when more than
% one paper of the same author, published in the same year, are cited.

%@ARTICLE{kuip:ds1,
%          author   = "Gerard P. Kuiper",
%          title    = "Problems of double star astronomy {I}",
%          journal  = pasp,
%          year     = 1935,
%          volume   = 47,
%          pages    = "15-42"}

%@ARTICLE{kuip:ds2,
%          author   = "Gerard P. Kuiper",
%          title    = "Problems of double star astronomy {II}",
%          journal  = pasp,
%          year     = 1935,
%          volume   = 47,
%          pages    = "121-150"}
